<record><leader>00000cas a22000007a 4500</leader><controlfield tag="001">13880185</controlfield><controlfield tag="008">860716d18821931iauwr ne      0    0eng d</controlfield><datafield ind1=" " ind2=" " tag="010"><subfield code="a">sn 86060125 </subfield></datafield><datafield ind1=" " ind2=" " tag="040"><subfield code="a">INP</subfield><subfield code="b">eng</subfield><subfield code="c">INP</subfield><subfield code="d">OCLCQ</subfield></datafield><datafield ind1=" " ind2=" " tag="042"><subfield code="a">msc</subfield></datafield><datafield ind1="0" ind2=" " tag="130"><subfield code="a">Osceola County tribune (Sibley, Iowa : 1882)</subfield></datafield><datafield ind1="1" ind2="0" tag="245"><subfield code="a">Osceola County tribune.</subfield></datafield><datafield ind1="1" ind2="3" tag="246"><subfield code="a">Sibley tribune</subfield><subfield code="f">&lt;Feb. 21, 1895&gt;-Nov. 9, 1905</subfield></datafield><datafield ind1=" " ind2=" " tag="260"><subfield code="a">Sibley, Iowa :</subfield><subfield code="b">[s.n.]</subfield></datafield><datafield ind1=" " ind2=" " tag="300"><subfield code="a">v. :</subfield><subfield code="b">ill. ;</subfield><subfield code="c">55-65 cm.</subfield></datafield><datafield ind1=" " ind2=" " tag="310"><subfield code="a">Weekly</subfield></datafield><datafield ind1="1" ind2=" " tag="362"><subfield code="a">Issued 1882-Feb. 1931.</subfield><subfield code="z">Cf. Bibl. of Iowa newspapers.</subfield></datafield><datafield ind1=" " ind2=" " tag="500"><subfield code="a">Official paper of Osceola County.</subfield></datafield><datafield ind1=" " ind2=" " tag="500"><subfield code="a">Publisher varies.</subfield></datafield><datafield ind1=" " ind2=" " tag="500"><subfield code="a">Includes weekly sections called: Harris department, Dec. 6, 1917-Dec. 12, 1918; Ocheyedan press, Nov. 25-&lt;Dec. 9, 1926&gt;: Ocheyedan department, &lt;Dec. 23, 1926&gt;-July 28, 1927; Ashton news, Mar. 28, 1929-&lt;Dec. 25, 1930&gt;.</subfield></datafield><datafield ind1=" " ind2=" " tag="500"><subfield code="a">Editors: Cosby &amp; Dennis, &lt;Nov. 2, 1883&gt;.</subfield></datafield><datafield ind1=" " ind2=" " tag="588"><subfield code="a">Description based on: Vol. 3, no. 6 (Nov. 2, 1883).</subfield></datafield><datafield ind1=" " ind2=" " tag="752"><subfield code="a">United States</subfield><subfield code="b">Iowa</subfield><subfield code="c">Osceola</subfield><subfield code="d">Sibley.</subfield></datafield><datafield ind1=" " ind2=" " tag="752"><subfield code="a">United States</subfield><subfield code="b">Iowa</subfield><subfield code="c">Osceola</subfield><subfield code="d">Harris.</subfield></datafield><datafield ind1=" " ind2=" " tag="752"><subfield code="a">United States</subfield><subfield code="b">Iowa</subfield><subfield code="c">Osceola</subfield><subfield code="d">Ocheyedan.</subfield></datafield><datafield ind1=" " ind2=" " tag="752"><subfield code="a">United States</subfield><subfield code="b">Iowa</subfield><subfield code="c">Osceola</subfield><subfield code="d">Ashton.</subfield></datafield><datafield ind1="0" ind2="0" tag="780"><subfield code="t">Sibley tribune</subfield></datafield><datafield ind1="0" ind2="5" tag="780"><subfield code="t">Ocheyedan press (Ocheyedan, Iowa : 1891)</subfield><subfield code="w">(DLC)sn 87057359</subfield><subfield code="g">Nov. 25, 1926</subfield></datafield><datafield ind1="0" ind2="7" tag="785"><subfield code="t">Sibley gazette (Sibley, Iowa : 1872)</subfield><subfield code="w">(DLC)sn 84027366</subfield></datafield><datafield ind1="0" ind2="7" tag="785"><subfield code="t">Sibley gazette-tribune</subfield><subfield code="w">(DLC)sn 86060126</subfield></datafield><datafield ind1="1" ind2=" " tag="787"><subfield code="t">Harris department</subfield></datafield><datafield ind1="1" ind2=" " tag="787"><subfield code="t">Ocheyedan press</subfield></datafield><datafield ind1="1" ind2=" " tag="787"><subfield code="t">Ocheyedan department</subfield></datafield><datafield ind1="1" ind2=" " tag="787"><subfield code="t">Ashton news</subfield></datafield><datafield ind1="1" ind2=" " tag="029"><subfield code="a">AU@</subfield><subfield code="b">000025808998</subfield></datafield></record>